@mastersthesis{Schweitzer2017,
  author       = {Schweitzer, Lucas}, 
  title        = {Real Time Object Detection for Autonomous Robots Using Convolutional Neural Networks on Mobile GPUs},
  school       = {University of Applied Sciences Mannheim},
  year         = 2017,
  address      = {},
  month        = 10
}

@mastersthesis{Seufert2009,
  author       = {Seufert, Thomas}, 
  title        = {Conception of a Simulation Environment for Autonomous Mobile Robots},
  school       = {University of Applied Sciences Mannheim},
  year         = 2009,
  address      = {},
  month        = 9
}

@book{Plemenos2010,
	Author = {Plemenos, Dimitri and Mialoulis, Georgios},
	Keywords = {3D graphics, Virtual Environments, artificial intelligence, computer graphics, environment, fuzzy, fuzzy logic, intelligence, learning, logic, machine learning, modeling, quality, rendering, visualization},
	Publisher = {Springer, Berlin, Heidelberg},
	Title = {Intelligent Computer Graphics 2010},
	Year = {2010}
}

@INPROCEEDINGS {Tom13thefirst,
    author    = "Dr Tom Murphy VII Ph. D",
    title     = "The First Level of Super Mario Bros. is Easy with Lexicographic Orderings and Time Travel... after that it gets a little tricky.",
    booktitle = "SIGBOVIK 2013",
    year      = {2013},
    month     = {4},
    pages     = {112-133},
    ISSN={2155-0166} 
}

@INPROCEEDINGS{5286481, 
    author={J. Togelius and S. Karakovskiy and J. Koutnik and J. Schmidhuber}, 
    booktitle={2009 IEEE Symposium on Computational Intelligence and Games}, 
    title={Super mario evolution}, 
    year={2009}, 
    volume={}, 
    number={}, 
    pages={156-161}, 
    doi={10.1109/CIG.2009.5286481}, 
    ISSN={2325-4270}, 
    month={9},
}

@ARTICLE{6313076, 
    author={K. Fukushima and S. Miyake and T. Ito}, 
    journal={IEEE Transactions on Systems, Man, and Cybernetics}, 
    title={Neocognitron: A neural network model for a mechanism of visual pattern recognition}, 
    year={1983}, 
    volume={SMC-13}, 
    number={5}, 
    pages={826-834}, 
    keywords={digital simulation;neural nets;pattern recognition;visual perception;visual perception;digital simulation;neural network model;visual pattern recognition;recognition;large-scale network;PDP-11/34 minicomputer;handwritten Arabic numerals;learning-with-a-teacher process;reinforcement;modifiable synapses;Pattern recognition;Visualization;Brain modeling;Biological neural networks;Training;Computational modeling;Shape}, 
    doi={10.1109/TSMC.1983.6313076}, 
    ISSN={0018-9472}, 
    month={9},
}

@article{yolov3,
    author = {Redmon, Joseph and Farhadi, Ali},
    year = {2018},
    month = {04},
    journal = {arXiv},
    title = {YOLOv3: An Incremental Improvement}
}

@article{redmon2016yolo9000,
  title={YOLO9000: Better, Faster, Stronger},
  author={Redmon, Joseph and Farhadi, Ali},
  journal={arXiv preprint},
  year={2016}
}

@misc{NeatGeneticMario,
    title = {Neat-Genetic-Mario},
    howpublished = {\url{https://github.com/mam91/Neat-Genetic-Mario}},
    author = {SethBling (pseudonym)},
    year = 2017,
    note = {Accessed: 2018-12-06}
}

@inproceedings{Cohen:1998:AS:280814.280832,
 author = {Cohen, Jonathan and Olano, Marc and Manocha, Dinesh},
 title = {Appearance-preserving Simplification},
 booktitle = {Proceedings of the 25th Annual Conference on Computer Graphics and Interactive Techniques},
 series = {SIGGRAPH '98},
 year = {1998},
 isbn = {0-89791-999-8},
 pages = {115--122},
 numpages = {8},
 url = {http://doi.acm.org/10.1145/280814.280832},
 doi = {10.1145/280814.280832},
 acmid = {280832},
 publisher = {ACM},
 address = {New York, NY, USA},
 keywords = {attributes, color, maps, normal, parameterization, simplification, texture},
} 
@online{UnityDemoRealtimeTeaser,
	Author = {Unity Technologies},
	Title = {Book of the Dead - Unity Interactive Demo - Realtime Teaser},
	Url = {https://www.youtube.com/watch?v=DDsRfbfnC_A},
	Urldate = {2019-01-19},
	Year = {2018}
}
@online{UnrealDemoReflections,
	Author = {Epic Games Inc and NVIDIA and ILMxLAB},
	Title = {Reflections Real-Time Ray Tracing Demo},
	Url = {https://www.youtube.com/watch?v=J3ue35ago3Y},
	Urldate = {2019-01-19},
	Year = {2018}
}
@online{NVIDIARTX,
	Author = {NVIDIA Corporation},
	Title = {NVIDIA RTX™ platform | NVIDIA Developer},
	Url = {https://developer.nvidia.com/rtx},
	Urldate = {2019-01-19},
	Year = {2019}
}
@online{NVIDIARayTracing,
	Author = {NVIDIA Corporation},
	Title = {Ray Tracing | NVIDIA Developer},
	Url = {https://developer.nvidia.com/discover/ray-tracing},
	Urldate = {2019-01-19},
	Year = {2019}
}

@online{UnityDownloadArchive,
    Author = {Unity Technologies},
    Title = {Unity - Download Archive},
    Url = {https://unity3d.com/get-unity/download/archive},
    Urldate = {2019-01-19}
}

@online{rosSite,
    Author = {Open Source Robotics Foundation},
    Title = {Documentation - ROS Wiki},
    Url = {https://wiki.ros.org/},
    Urldate = {2019-01-23}
}

@online{moveitikfast,
    title = {moveit-ikfast - ROS Wiki},
    Url = {http://wiki.ros.org/moveit_ikfast},
    Urldate = {2019-01-21}
}

@ARTICLE{5557884, 
    author={P. Arbelaez and M. Maire and C. Fowlkes and J. Malik}, 
    journal={IEEE Transactions on Pattern Analysis and Machine Intelligence}, 
    title={Contour Detection and Hierarchical Image Segmentation}, 
    year={2011}, 
    volume={33}, 
    number={5}, 
    pages={898-916}, 
    keywords={computer vision;edge detection;image segmentation;object detection;pattern clustering;trees (mathematics);contour detection;hierarchical image segmentation;computer vision;spectral clustering;hierarchical region tree;Image segmentation;Pixel;Detectors;Image edge detection;Humans;Histograms;Benchmark testing;Contour detection;image segmentation;computer vision.;Algorithms;Animals;Cluster Analysis;Humans;Image Processing, Computer-Assisted}, 
    doi={10.1109/TPAMI.2010.161}, 
    ISSN={0162-8828}, 
    month={5},
}

@INPROCEEDINGS{6901570, 
    author={B. Cowan and B. Kapralos}, 
    booktitle={2014 IEEE 14th International Conference on Advanced Learning Technologies}, 
    title={A Survey of Frameworks and Game Engines for Serious Game Development}, 
    year={2014}, 
    volume={}, 
    number={}, 
    pages={662-664}, 
    keywords={serious games (computing);game engines;serious game development;entertainment-based game development tools;game frameworks;Games;Engines;Libraries;Entertainment industry;Databases;Google;Second Life;serious games;game engine;framework;review}, 
    doi={10.1109/ICALT.2014.194}, 
    ISSN={2161-3761}, 
    month={7}
}

@Article{Davis2015,
    author={Davis, James
    and Hsieh, Yi-Hsuan
    and Lee, Hung-Chi},
    title={Humans perceive flicker artifacts at 500 Hz},
    journal={Scientific Reports},
    year={2015},
    month={2},
    day={3},
    volume={5},
    note={Article},
    url={https://doi.org/10.1038/srep07861}
}

@ONLINE {robotVolkswagen,
    author = "Justin Huggler",
    title  = "The Telegraph - Robot kills man at Volkswagen plant in Germany",
    month  = 7,
    year   = "2015",
    url    = "https://www.telegraph.co.uk/news/worldnews/europe/germany/11712513/Robot-kills-man-at-Volkswagen-plant-in-Germany.html"
}

@article{RAIBERT200810822,
    title = "BigDog, the Rough-Terrain Quadruped Robot",
    journal = "IFAC Proceedings Volumes",
    volume = "41",
    number = "2",
    pages = "10822 - 10825",
    year = "2008",
    note = "17th IFAC World Congress",
    issn = "1474-6670",
    doi = "https://doi.org/10.3182/20080706-5-KR-1001.01833",
    url = "http://www.sciencedirect.com/science/article/pii/S1474667016407020",
    author = "Marc Raibert and Kevin Blankespoor and Gabriel Nelson and Rob Playter",
}

@ONLINE {fukushimaRobots,
    author = "Martin Fackler",
    title  = "The New York Times - Six Years After Fukushima, Robots Finally Find Reactors’ Melted Uranium Fuel",
    month  = 11,
    year   = "2017",
    url    = "https://www.nytimes.com/2017/11/19/science/japan-fukushima-nuclear-meltdown-fuel.html",
    urldate = {2019-01-28}
}

@ONLINE {dhlLogisticsRobots,
    author = "Tom Bonkenburg",
    title  = "Robotics in Logistics - A DPDHL perspective on implications and use cases for the logistics industry",
    month  = 3,
    year   = 2016,
    url    = "http://www.dhl.com/content/dam/downloads/g0/about_us/logistics_insights/dhl_trendreport_robotics.pdf",
    urldate = {2019-01-28}
}

@incollection{NIPS2012_4824,
title = {ImageNet Classification with Deep Convolutional Neural Networks},
author = {Alex Krizhevsky and Sutskever, Ilya and Hinton, Geoffrey E},
booktitle = {Advances in Neural Information Processing Systems 25},
editor = {F. Pereira and C. J. C. Burges and L. Bottou and K. Q. Weinberger},
pages = {1097--1105},
year = {2012},
publisher = {Curran Associates, Inc.},
url = {http://papers.nips.cc/paper/4824-imagenet-classification-with-deep-convolutional-neural-networks.pdf}
}


@online{cs231n,
    author = {Andrew Kaparthy},
    title = {CS231n Convolutional Neural Networks for Visual Recognition},
    Url = {https://cs231n.github.io/convolutional-networks/\#conv},
    Urldate = {2019-01-23},
    year = {2015},
    month = {4}
}
@BOOK{professionalMRDS2009,
	AUTHOR = {Kyle Johns, Trevor Taylor},
	YEAR = {2009},
	TITLE = {Professional Microsoft Robotics Developer Studio},
	EDITION = {},
	ISBN = {978-0-470-50018-7},
    PUBLISHER = {John Wiley \& Sons},
	ADDRESS = {New York},
}

@inproceedings{Staranowicz2011,
    author = {Staranowicz, Aaron and Mariottini, Gian Luca},
    title = {A Survey and Comparison of Commercial and Open-source Robotic Simulator Software},
    booktitle = {Proceedings of the 4th International Conference on Pervasive Technologies Related to Assistive Environments},
    series = {PETRA 2011},
    year = {2011},
    isbn = {978-1-4503-0772-7},
    location = {Heraklion, Crete, Greece},
    pages = {56:1--56:8},
    articleno = {56},
    numpages = {8},
    url = {http://doi.acm.org/10.1145/2141622.2141689},
    doi = {10.1145/2141622.2141689},
    acmid = {2141689},
    publisher = {ACM},
    address = {New York, NY, USA},
}


@online{sommer,
    author = {Torsten Sommer},
    title = {Physics for a 3D Driving Simulator},
    Url = {http://robotics.ee.uwa.edu.au/theses/2008-AutomotiveSimulator-Sommer.pdf},
    Urldate = {2019-01-23},
    year = {2008},
    month = {3}
}

@article{DBLP:journals/corr/CanzianiPC16,
  author    = {Alfredo Canziani and
               Adam Paszke and
               Eugenio Culurciello},
  title     = {An Analysis of Deep Neural Network Models for Practical Applications},
  journal   = {CoRR},
  volume    = {abs/1605.07678},
  year      = {2016},
  url       = {http://arxiv.org/abs/1605.07678},
  archivePrefix = {arXiv},
  eprint    = {1605.07678},
  timestamp = {Mon, 13 Aug 2018 16:46:15 +0200},
  biburl    = {https://dblp.org/rec/bib/journals/corr/CanzianiPC16},
  bibsource = {dblp computer science bibliography, https://dblp.org}
}

@online{UnityPlatformSupport,
    Author = {Unity Technologies},
    Title = {Products - Unity},
    Url = {https://unity3d.com/unity#platforms},
    Urldate = {2019-01-19}
}

@online{UnityForum,
    Author = {Unity Technologies},
    Title = {Unity Forum},
    Url = {https://forum.unity.com/},
    Urldate = {2019-01-19}
}

@online{CorkematlabRoboticsToolbox,
    Author = {Peter I. Corke},
    Title = {petercorke / robotics-toolbox-matlab},
    Url = {https://github.com/petercorke/robotics-toolbox-matlab},
    Urldate = {2019-01-28},
    year = {2015}
}
@online{CorkematlabRoboticsToolboxBlog,
    Author = {Peter I. Corke},
    Title = {Robotics Toolbox},
    Url = {http://petercorke.com/wordpress/toolboxes/robotics-toolbox},
    Urldate = {2019-01-28}
}
@inproceedings{CorkePaper1995,
  title={A computer tool for simulation and analysis: the Robotics Toolbox for MATLAB},
  author={Corke, Peter I and others},
  booktitle={Proc. National Conf. Australian Robot Association},
  pages={319--330},
  year={1995}
}
@ARTICLE{CorkePaper1996, 
    author={Peter. I. Corke}, 
    journal={IEEE Robotics Automation Magazine}, 
    title={A robotics toolbox for MATLAB}, 
    year={1996}, 
    volume={3}, 
    number={1}, 
    pages={24-32}, 
    doi={10.1109/100.486658}, 
    ISSN={1070-9932}, 
    month={3},
    }

% https://www.mathworks.com/products/robotics.html

@online{openRAVE,
    Title = {OpenRAVE - Wikipedia},
    Url = {https://en.wikipedia.org/wiki/OpenRAVE},
    Urldate = {2019-01-28},
    year = {2008}
}

@article{MINEO201981,
    title = "Novel algorithms for 3D surface point cloud boundary detection and edge reconstruction",
    journal = "Journal of Computational Design and Engineering",
    volume = "6",
    number = "1",
    pages = "81 - 91",
    year = "2019",
    issn = "2288-4300",
    doi = "https://doi.org/10.1016/j.jcde.2018.02.001",
    url = "http://www.sciencedirect.com/science/article/pii/S2288430017302117",
    author = "Carmelo Mineo and Stephen Gareth Pierce and Rahul Summan"
}

@online{strafeWiki,
    Title = {Strae (video game) - Wikipedia},
    Url = {https://en.wikipedia.org/wiki/Strafe_(video_game)},
    Urldate = {2019-01-28},
    year = {2017}
}

@online{MRDS,
    Title = {Microsoft Robotics Developer Studio - Wikipedia},
    Url = {https://en.wikipedia.org/wiki/Microsoft_Robotics_Developer_Studio},
    Urldate = {2019-01-28},
    year = {2006}
}

@online{Gazebo,
    Author = {Open Source Robotics Foundation},
    Title = {Gazebo},
    Url = {http://gazebosim.org/},
    Urldate = {2019-01-28},
    year = {2014}
}

@online{UnityPostProcessingStack,
    Author = {Unity Technologies},
    Title = {Unity-Technologies/PostProcessing},
    Url = {https://github.com/Unity-Technologies/PostProcessing},
    Urldate = {2018-11-15},
    year = {2016},
    month = {10}
}

@online{heiseWindowsUpdate,
	Author = {Günter Born},
	Date-Added = {2011-10-27 14:30:30 +0000},
	Date-Modified = {2011-10-27 14:32:34 +0000},
	Keywords = {Writing},
	Lastchecked = {2019-01-19},
	Month = {12},
	Title = {Windows-Update: Windows 10 Version 1809 allgemein freigegeben},
	Url = {https://www.heise.de/newsticker/meldung/Windows-Update-Windows-10-Version-1809-allgemein-freigegeben-4255552.html},
	Urldate = {2019-01-19},
	Year = {2018}
}
	
@online{CryEngineFAQ,
	Author = {Crytek GmbH},
	Title = {CRYENGINE Help \& FAQs},
	Url = {https://www.cryengine.com/faq},
	Urldate = {2019-01-17}
}
@online{BlenderAbout,
    Author = {Blender Foundation},
    Title = {Blender is Free Software},
    Url = {https://www.blender.org/about/},
    Urldate = {2019-01-17}
}
@online{SourceValveDeveloperCommunity,
    Title = {Source},
    Url = {https://developer.valvesoftware.com/wiki/Source},
    Urldate = {2019-01-17}
}
@online{UnrealLevelEditor,
    Title = {Level Editor},
    Url = {https://docs.unrealengine.com/en-us/Engine/UI/LevelEditor},
    Urldate = {2019-01-17}
}
@online{UnityDocsOverview,
    Title = {Working in Unity},
    Url = {https://docs.unity3d.com/Manual/UnityOverview.html},
    Urldate = {2019-01-17}
}
@online{SourceHammerEditor,
    Title = {Valve Hammer Editor},
    Url = {https://developer.valvesoftware.com/wiki/Valve_Hammer_Editor},
    Urldate = {2019-01-27}
}
@online{SteamWorksDistributingSourceEngineGames,
    Title = {Distributing Source Engine Games},
    Url = {https://partner.steamgames.com/doc/sdk/uploading/distributing_source_engine},
    Urldate = {2019-01-17}
}
@online{UnityForEducation,
    Title = {Unity for Education},
    Url={https://unity.com/education},
    Urldate = {2019-01-17}
}
@online{RosSharp,
    Author = {Siemens AG},
    Title = {siemens/ros-sharp},
    Url={https://github.com/siemens/ros-sharp},
    Urldate = {2019-01-20},
    year = {2017},
    month = {9}
}
@online{RosUrdf,
    Title = {urdf - ROS Wiki},
    Url={http://wiki.ros.org/urdf},
    Urldate = {2019-01-20},
    year = {2017},
    month = {9}
}
@online{AmrRosConfig,
    Title = {MobileRobots/amr-ros-config},
    Url={https://github.com/MobileRobots/amr-ros-config},
    Urldate = {2019-01-20},
    year = {2014},
    month = {11}
}
@online{DotNetZip,
    Title = {DotNetZip Library - CodePlex Archive},
    Url = {https://archive.codeplex.com/?p=dotnetzip},
    Urldate = {2018-11-10}
}
@online{XmlSerializer,
    Title = {XmlSerializer Class | Microsoft Docs},
    Author = {Microsoft Corporation},
    Url = {https://docs.microsoft.com/en-us/dotnet/api/system.xml.serialization.xmlserializer?view=netframework-4.7.2},
    Urldate = {2018-11-10}
}
@online{Linq,
    Title = {Language Integrated Query (LINQ) | Microsoft Docs},
    Author ={Microsoft Corporation},
    Url = {https://docs.microsoft.com/en-us/dotnet/csharp/linq/index},
    Urldate = {2018-11-10}
}
@online{UnityDocsCamera,
    Title = {Unity -  Scripting API: Camera.WorldToScreenPoint},
    Url = {https://docs.unity3d.com/ScriptReference/Camera.WorldToScreenPoint.html},
    Urldate = {2018-10-30}
}

@online{WikipediaAngleOfView,
    title = {Angle of View  - Wikipedia},
    Url = {https://en.wikipedia.org/wiki/Angle_of_view},
    Urldate = {2019-01-21}
}

@inproceedings{DBLP:journals/corr/RedmonDGF15,
  title={You only look once: Unified, real-time object detection},
  author={Redmon, Joseph and Divvala, Santosh and Girshick, Ross and Farhadi, Ali},
  booktitle={Proceedings of the IEEE conference on computer vision and pattern recognition},
  pages={779--788},
  year={2016}
}

@article{article,
author = {Kaneko, Tomomichi and Takahei, Toshiyuki and Inami, Masahiko and Kawakami, Naoki and Yanagida, Yasuyuki and Maeda, Taro and Tachi, Susumu},
year = {2001},
month = {01},
pages = {205-208},
title = {Detailed shape representation with parallax mapping},
volume = {2001},
journal = {In Proceedings of the ICAT}
}

@INPROCEEDINGS{745285, 
author={P. Cignoni and C. Montani and C. Rocchini and R. Scopigno}, 
booktitle={Proceedings Visualization '98 (Cat. No.98CB36276)}, 
title={A general method for preserving attribute values on simplified meshes}, 
year={1998}, 
volume={}, 
number={}, 
pages={59-66}, 
keywords={rendering (computer graphics);image texture;computational geometry;attribute value preservation;3D meshes;detail preservation;simplified mesh;texture maps;bump maps;triangular texture patches;simplified mesh face;rendering;2D textures;3D models;Degradation;Frequency;Computer displays;Visualization;Shape control;Application software;Chromium;Computer graphics;Surface texture;Merging}, 
doi={10.1109/VISUAL.1998.745285}, 
ISSN={1070-2385}, 
month={10},}

%@misc{VACnet,
%  title = {Robocalypse Now: Using Deep Learning to Combat Cheating in 'Counter-Strike: Global Offensive'},
%  howpublished = {\url{https://www.gdcvault.com/play/1024994/Robocalypse-Now-Using-Deep-Learning}},
%  author = {McDonald, John},
%  year = 2018,
%  note = {Accessed: 2019-01-14}
%}

%@misc{Hayha,
%  title = {Hayha - Neural Network Aimbot},
%  howpublished = {\url{https://www.unknowncheats.me/forum/cs-go-releases/285847-hayha-neural-network-aimbot.html}},
%  author = {Xirrel},
%  year = 2018,
%  note = {Accessed: 2018-12-04}
%}

% Methodology to Create Optimized 3D Models Using Blender for Android Devices
% https://ieeexplore.ieee.org/abstract/document/6751080

@online{VACnet,
	Author = {McDonald, John},
	Title = {Robocalypse Now: Using Deep Learning to Combat Cheating in 'Counter-Strike: Global Offensive'},
	Url = {https://www.gdcvault.com/play/1024994/Robocalypse-Now-Using-Deep-Learning},
	Urldate = {2019-01-14},
	Year = {2018},
}

@online{Hayha,
	Author = {Xirrel (pseudonym)},
	Date-Added = {2018-06-16 16:15:00 +0100},
	Date-Modified = {2019-01-06 16:14:00 +0100},
	Title = {Hayha - Neural Network Aimbot},
	Url = {https://www.unknowncheats.me/forum/cs-go-releases/285847-hayha-neural-network-aimbot.html},
	Urldate = {2019-01-06},
	Year = {2018},
	}

@online{UnityDocGlossary,
	Title = {Unity User Manual (2018.3) - Glossary},
	Url = {https://docs.unity3d.com/Manual/Glossary.html},
	Urldate = {2018-12-03},
	Year = {2018},
}

@online{UnityDocTextures,
	Title = {Unity User Manual (2018.3) / Graphics / Graphics Overview / Materials, Shaders and Textures / Textures},
	Url = {https://docs.unity3d.com/Manual/Textures.html},
	Urldate = {2018-12-03},
	Year = {2018},
}

@online{UnityDocSpecularmap,
	Title = {Unity User Manual (2018.3) / Graphics / Graphics Overview / Materials, Shaders and Textures / Standard Shader / Material parameters / Specular mode: Specular parameter},
	Url = {https://docs.unity3d.com/Manual/StandardShaderMaterialParameterSpecular.html},
	Urldate = {2018-12-03},
	Year = {2018},
}

@online{UnityDocHeightmap,
	Title = {Unity User Manual (2018.3) / Graphics / Graphics Overview / Materials, Shaders and Textures / Standard Shader / Material parameters / Heightmap},
	Url = {https://docs.unity3d.com/Manual/StandardShaderMaterialParameterHeightMap.html},
	Urldate = {2018-12-03},
	Year = {2018},
}

@online{UnityDocNormalmap,
	Title = {Unity User Manual (2018.3) / Graphics / Graphics Overview / Materials, Shaders and Textures / Standard Shader / Material parameters / Normal map (Bump mapping)},
	Url = {https://docs.unity3d.com/Manual/StandardShaderMaterialParameterNormalMap.html},
	Urldate = {2018-12-03},
	Year = {2018},
}

@online{BlenderUVEditor,
	Title = {UV Editor and FaceSelect},
	Url = {https://download.blender.org/documentation/htmlI/ch11s05.html},
	Urldate = {2018-12-14},
	Year = {2004},
}

@ARTICLE{Lecun98gradient-basedlearning, 
    author={Y. Lecun and L. Bottou and Y. Bengio and P. Haffner}, 
    journal={Proceedings of the IEEE}, 
    title={Gradient-based learning applied to document recognition}, 
    year={1998}, 
    volume={86}, 
    number={11}, 
    pages={2278-2324}, 
    keywords={optical character recognition;multilayer perceptrons;backpropagation;convolution;gradient-based learning;document recognition;multilayer neural networks;back-propagation;gradient based learning technique;complex decision surface synthesis;high-dimensional patterns;handwritten character recognition;handwritten digit recognition task;2D shape variability;document recognition systems;field extraction;segmentation recognition;language modeling;graph transformer networks;GTN;multimodule systems;performance measure minimization;cheque reading;convolutional neural network character recognizers;Neural networks;Pattern recognition;Machine learning;Optical character recognition software;Character recognition;Feature extraction;Multi-layer neural network;Optical computing;Hidden Markov models;Principal component analysis}, 
    doi={10.1109/5.726791}, 
    ISSN={0018-9219}, 
    month={11}
}

	
@ARTICLE{10.3389/fncom.2017.00112,
    AUTHOR={van Gerven, Marcel},   
    TITLE={Computational Foundations of Natural Intelligence},      
    JOURNAL={Frontiers in Computational Neuroscience},      
    VOLUME={11},      
    PAGES={112},     
    YEAR={2017},      
	URL={https://www.frontiersin.org/article/10.3389/fncom.2017.00112},       
	DOI={10.3389/fncom.2017.00112},      
	ISSN={1662-5188},   
   ABSTRACT={New developments in AI and neuroscience are revitalizing the quest to understanding natural intelligence, offering insight about how to equip machines with human-like capabilities. This paper reviews some of the computational principles relevant for understanding natural intelligence and, ultimately, achieving strong AI. After reviewing basic principles, a variety of computational modeling approaches is discussed. Subsequently, I concentrate on the use of artificial neural networks as a framework for modeling cognitive processes. This paper ends by outlining some of the challenges that remain to fulfill the promise of machines that show human-like intelligence.}
}

@InProceedings{10.1007/978-3-030-03658-4_3,
    author="Szwoch, Mariusz
    and Kaczmarek, Adam L.
    and Bartoszewski, Dariusz",
    editor="Chora{\'{s}}, Micha{\l} 
    and Chora{\'{s}}, Ryszard S.",
    title="Using Stereo-photogrammetry for Interiors Reconstruction in 3D Game Development",
    booktitle="Image Processing and Communications Challenges 10",
    year="2019",
    publisher="Springer International Publishing",
    address="Cham",
    pages="20--29",
    abstract="This paper proposes a new approach to the reconstruction of building interiors based on stereo-photogrammetry. The proposed technology can be used, among others, for modeling rooms for video games whose action takes place in locations reflecting real interiors. The original, large-scale experiment showed that the proposed approach is economically justified in the case of larger and more complex spaces which are more difficult to model in a traditional way. Also novel approach is proposed to deal with the problem of scanning flat uniform surfaces.",
    isbn="978-3-030-03658-4"
}

@InProceedings{10.1007/978-1-4471-6290-2,
    author="Vince, John",
    title="Mathematics for Computer Graphics",
    year="2014",
    publisher="Springer, London",
    isbn="978-1-4471-6289-6"
}

@phdthesis{diankov_thesis,
 author = "Rosen Diankov",
 title = "Automated Construction of Robotic Manipulation Programs",
 school = "Carnegie Mellon University, Robotics Institute",
 month = {8},
 year = {2010},
 number= "CMU-RI-TR-10-29",
 url={http://www.programmingvision.com/rosen_diankov_thesis.pdf},
}

@book{Kornmeier2011,
	Author = {Marin Kornmeier},
	Date-Added = {2012-04-04 12:07:45 +0000},
	Date-Modified = {2012-04-04 12:09:25 +0000},
	Edition = {4.},
	Keywords = {Writing},
	Publisher = {UTB},
	Title = {Wissenschaftlich schreiben leicht gemacht},
	Year = {2011}}

@book{Kramer2009,
	Author = {Walter Kr{\"a}mer},
	Date-Added = {2011-10-27 13:55:22 +0000},
	Date-Modified = {2011-10-27 14:01:55 +0000},
	Edition = {3. Auflage},
	Keywords = {Writing},
	Month = {9},
	Publisher = {Campus Verlag},
	Title = {Wie schreibe ich eine Seminar- oder Examensarbeit?},
	Year = {2009}}

@online{Weber2006,
	Author = {Stefan Weber},
	Date-Added = {2011-10-27 14:30:30 +0000},
	Date-Modified = {2011-10-27 14:32:34 +0000},
	Journal = {Telepolis},
	Keywords = {Writing},
	Lastchecked = {2011-10-27},
	Month = {12},
	Title = {Wissenschaft als Web-Sampling},
	Url = {http://www.heise.de/tp/druck/mb/artikel/24/24221/1.html},
	Urldate = {2011-10-27},
	Year = {2006},
	Bdsk-Url-1 = {http://www.heise.de/tp/druck/mb/artikel/24/24221/1.html}}